@misc{badrinarayanan2016segnetdeepconvolutionalencoderdecoder,
  title         = {SegNet: A Deep Convolutional Encoder-Decoder Architecture for Image Segmentation},
  author        = {Vijay Badrinarayanan and Alex Kendall and Roberto Cipolla},
  year          = {2016},
  eprint        = {1511.00561},
  archiveprefix = {arXiv},
  primaryclass  = {cs.CV},
  url           = {https://arxiv.org/abs/1511.00561}
}
